[gd_scene load_steps=12 format=1]

[ext_resource path="res://game/levelloader.gd" type="Script" id=1]
[ext_resource path="res://player/herocube.tscn" type="PackedScene" id=2]
[ext_resource path="res://game/camerafollow.gd" type="Script" id=3]
[ext_resource path="res://game/environment.tres" type="Environment" id=4]
[ext_resource path="res://game/ingameui.gd" type="Script" id=5]
[ext_resource path="res://assets/rect4138.png" type="Texture" id=6]
[ext_resource path="res://assets/titlefont.fnt" type="BitmapFont" id=7]
[ext_resource path="res://game/game_styleboxtexture.tres" type="StyleBox" id=8]
[ext_resource path="res://assets/audio/The-One-G_Trisect-Field.ogg" type="AudioStream" id=9]

[sub_resource type="Animation" id=1]

length = 1.0
loop = false
step = 0.1
tracks/0/type = "value"
tracks/0/path = NodePath("lefttouch:visibility/visible")
tracks/0/interp = 1
tracks/0/imported = false
tracks/0/keys = { "times":FloatArray( 0 ), "transitions":FloatArray( 1 ), "update":1, "values":[ false ] }
tracks/1/type = "value"
tracks/1/path = NodePath("righttouch:visibility/visible")
tracks/1/interp = 1
tracks/1/imported = false
tracks/1/keys = { "times":FloatArray( 0 ), "transitions":FloatArray( 1 ), "update":1, "values":[ false ] }
tracks/2/type = "value"
tracks/2/path = NodePath("back:rect/pos")
tracks/2/interp = 1
tracks/2/imported = false
tracks/2/keys = { "times":FloatArray( 0, 1 ), "transitions":FloatArray( 1, 1 ), "update":0, "values":[ Vector2( 18, 16 ), Vector2( 141, 238 ) ] }
tracks/3/type = "value"
tracks/3/path = NodePath("restart:rect/pos")
tracks/3/interp = 1
tracks/3/imported = false
tracks/3/keys = { "times":FloatArray( 0, 1 ), "transitions":FloatArray( 1, 1 ), "update":0, "values":[ Vector2( 930, 13 ), Vector2( 497, 238 ) ] }
tracks/4/type = "value"
tracks/4/path = NodePath("pause:visibility/visible")
tracks/4/interp = 1
tracks/4/imported = false
tracks/4/keys = { "times":FloatArray( 0 ), "transitions":FloatArray( 1 ), "update":1, "values":[ false ] }
tracks/5/type = "value"
tracks/5/path = NodePath("back:rect/scale")
tracks/5/interp = 1
tracks/5/imported = false
tracks/5/keys = { "times":FloatArray( 0, 1 ), "transitions":FloatArray( 1, 1 ), "update":0, "values":[ Vector2( 0.3, 0.3 ), Vector2( 1, 1 ) ] }
tracks/6/type = "value"
tracks/6/path = NodePath("restart:rect/scale")
tracks/6/interp = 1
tracks/6/imported = false
tracks/6/keys = { "times":FloatArray( 0, 1 ), "transitions":FloatArray( 1, 1 ), "update":0, "values":[ Vector2( 0.3, 0.3 ), Vector2( 1, 1 ) ] }

[sub_resource type="Animation" id=2]

length = 0.01
loop = false
step = 0.1
tracks/0/type = "value"
tracks/0/path = NodePath("lefttouch:visibility/visible")
tracks/0/interp = 1
tracks/0/imported = false
tracks/0/keys = { "times":FloatArray( 0 ), "transitions":FloatArray( 1 ), "update":1, "values":[ true ] }
tracks/1/type = "value"
tracks/1/path = NodePath("righttouch:visibility/visible")
tracks/1/interp = 1
tracks/1/imported = false
tracks/1/keys = { "times":FloatArray( 0 ), "transitions":FloatArray( 1 ), "update":1, "values":[ true ] }
tracks/2/type = "value"
tracks/2/path = NodePath("back:rect/pos")
tracks/2/interp = 1
tracks/2/imported = false
tracks/2/keys = { "times":FloatArray( 0 ), "transitions":FloatArray( 1 ), "update":0, "values":[ Vector2( 18, 16 ) ] }
tracks/3/type = "value"
tracks/3/path = NodePath("restart:rect/pos")
tracks/3/interp = 1
tracks/3/imported = false
tracks/3/keys = { "times":FloatArray( 0 ), "transitions":FloatArray( 1 ), "update":0, "values":[ Vector2( 909, 13 ) ] }
tracks/4/type = "value"
tracks/4/path = NodePath("pause:visibility/visible")
tracks/4/interp = 1
tracks/4/imported = false
tracks/4/keys = { "times":FloatArray( 0 ), "transitions":FloatArray( 1 ), "update":1, "values":[ true ] }
tracks/5/type = "value"
tracks/5/path = NodePath("back:rect/scale")
tracks/5/interp = 1
tracks/5/imported = false
tracks/5/keys = { "times":FloatArray( 0 ), "transitions":FloatArray( 1 ), "update":0, "values":[ Vector2( 0.3, 0.3 ) ] }
tracks/6/type = "value"
tracks/6/path = NodePath("restart:rect/scale")
tracks/6/interp = 1
tracks/6/imported = false
tracks/6/keys = { "times":FloatArray( 0 ), "transitions":FloatArray( 1 ), "update":0, "values":[ Vector2( 0.3, 0.3 ) ] }

[node name="main" type="Spatial"]

_import_transform = Transform( 1, 0, 0, 0, 1, 0, 0, 0, 1, 0, 0, 0 )

[node name="levelsgohere" type="Spatial" parent="."]

_import_transform = Transform( 1, 0, 0, 0, 1, 0, 0, 0, 1, 0, 0, 0 )
script/script = ExtResource( 1 )

[node name="herocube" parent="." instance=ExtResource( 2 )]

advanceVelocity = 7.5
sideVelocity = 200.0

[node name="Position3D" type="Position3D" parent="."]

_import_transform = Transform( 1, 0, 0, 0, 1, 0, 0, 0, 1, 0, 0, 0 )
transform/local = Transform( 1, 0, 0, 0, 1, 0, 0, 0, 1, -1.03141, 1.57473, 10.1262 )
script/script = ExtResource( 3 )
targetPath = NodePath("../herocube")
distance = 3.0
height = 4.0
angleSide = 20.0

[node name="Camera" type="Camera" parent="Position3D"]

_import_transform = Transform( 1, 0, 0, 0, 1, 0, 0, 0, 1, 0, 0, 0 )
projection = 0
fov = 60.0
near = 0.1
far = 100.0
keep_aspect = 1
current = true
visible_layers = 1048575
environment = ExtResource( 4 )
h_offset = 0.0
v_offset = 0.0

[node name="ingameui" type="CanvasLayer" parent="."]

process/pause_mode = 2
layer = 1
offset = Vector2( 0, 0 )
rotation = 0.0
scale = Vector2( 1, 1 )

[node name="Control" type="Control" parent="ingameui"]

focus/ignore_mouse = false
focus/stop_mouse = true
size_flags/horizontal = 2
size_flags/vertical = 2
margin/left = 0.0
margin/top = 0.0
margin/right = 40.0
margin/bottom = 40.0
script/script = ExtResource( 5 )

[node name="lefttouch" type="TouchScreenButton" parent="ingameui/Control"]

visibility/opacity = 0.0
transform/pos = Vector2( 4.72076, 67.6456 )
normal = ExtResource( 6 )
pressed = null
bitmask = null
passby_press = false
action = "ui_left"
visibility_mode = 0

[node name="righttouch" type="TouchScreenButton" parent="ingameui/Control"]

visibility/opacity = 0.0
transform/pos = Vector2( 525.089, 65.1945 )
normal = ExtResource( 6 )
pressed = null
bitmask = null
passby_press = false
action = "ui_right"
visibility_mode = 0

[node name="left" type="Label" parent="ingameui/Control"]

anchor/top = 3
anchor/bottom = 3
rect/scale = Vector2( 3, 3 )
focus/ignore_mouse = true
focus/stop_mouse = true
size_flags/horizontal = 2
size_flags/vertical = 0
margin/left = 5.0
margin/top = -188.0
margin/right = 37.0
margin/bottom = -244.0
custom_fonts/font = ExtResource( 7 )
text = "<"
percent_visible = 1.0
lines_skipped = 0
max_lines_visible = -1

[node name="right" type="Label" parent="ingameui/Control"]

anchor/left = 1
anchor/top = 3
anchor/right = 1
anchor/bottom = 3
rect/scale = Vector2( 3, 3 )
focus/ignore_mouse = true
focus/stop_mouse = true
size_flags/horizontal = 2
size_flags/vertical = 0
margin/left = -890.0
margin/top = -182.0
margin/right = -922.0
margin/bottom = -238.0
custom_fonts/font = ExtResource( 7 )
text = ">"
percent_visible = 1.0
lines_skipped = 0
max_lines_visible = -1

[node name="back" type="Button" parent="ingameui/Control"]

rect/scale = Vector2( 0.3, 0.3 )
focus/ignore_mouse = false
focus/stop_mouse = true
size_flags/horizontal = 2
size_flags/vertical = 2
margin/left = 18.0
margin/top = 16.0
margin/right = 352.0
margin/bottom = 167.0
custom_styles/hover = ExtResource( 8 )
custom_styles/pressed = ExtResource( 8 )
custom_styles/normal = ExtResource( 8 )
custom_fonts/font = ExtResource( 7 )
toggle_mode = false
enabled_focus_mode = 0
shortcut = null
text = "Back"
flat = false

[node name="pause" type="Button" parent="ingameui/Control"]

visibility/visible = false
anchor/left = 3
anchor/right = 3
focus/ignore_mouse = false
focus/stop_mouse = true
size_flags/horizontal = 2
size_flags/vertical = 2
margin/left = -463.0
margin/top = 19.0
margin/right = -513.0
margin/bottom = 39.0
custom_styles/hover = ExtResource( 8 )
custom_styles/pressed = ExtResource( 8 )
custom_styles/normal = ExtResource( 8 )
toggle_mode = true
enabled_focus_mode = 0
shortcut = null
text = "Pause"
flat = false

[node name="restart" type="Button" parent="ingameui/Control"]

anchor/left = 1
anchor/right = 1
rect/scale = Vector2( 0.3, 0.3 )
focus/ignore_mouse = false
focus/stop_mouse = true
size_flags/horizontal = 2
size_flags/vertical = 2
margin/left = -869.0
margin/top = 13.0
margin/right = -1207.0
margin/bottom = 165.0
custom_styles/hover = ExtResource( 8 )
custom_styles/pressed = ExtResource( 8 )
custom_styles/normal = ExtResource( 8 )
custom_fonts/font = ExtResource( 7 )
toggle_mode = false
enabled_focus_mode = 0
shortcut = null
text = "Retry"
flat = false

[node name="AnimationPlayer" type="AnimationPlayer" parent="ingameui/Control"]

playback/process_mode = 1
playback/default_blend_time = 0.0
root/root = NodePath("..")
anims/goalreached = SubResource( 1 )
anims/resetvalues = SubResource( 2 )
playback/active = true
playback/speed = 1.0
blend_times = [  ]
autoplay = ""

[node name="StreamPlayer" type="StreamPlayer" parent="."]

process/pause_mode = 2
stream/stream = ExtResource( 9 )
stream/play = false
stream/loop = true
stream/volume_db = -10.0
stream/autoplay = true
stream/paused = false
stream/loop_restart_time = 0.0
stream/buffering_ms = 500

[connection signal="pressed" from="ingameui/Control/back" to="ingameui/Control" method="_on_back_pressed"]

[connection signal="toggled" from="ingameui/Control/pause" to="ingameui/Control" method="_on_pause_toggled"]

[connection signal="pressed" from="ingameui/Control/restart" to="ingameui/Control" method="_on_restart_pressed"]


